<?xml version="1.0" encoding="UTF-8"?><collection xmlns="http://www.loc.gov/MARC21/slim"><record><leader>00492nam--2200157-i-4500</leader><controlfield tag="001">000012358</controlfield><controlfield tag="002">20161230</controlfield><controlfield tag="005">20170302171706</controlfield><controlfield tag="008">060222s1000------------r-----000-0-eng-d</controlfield><datafield ind1=" " ind2=" " tag="100"><subfield code="a">Broughan, Kevin A</subfield></datafield><datafield ind1=" " ind2=" " tag="245"><subfield code="a">Invarants for real-generated uniform topologic al and algeraic categories</subfield></datafield><datafield ind1=" " ind2=" " tag="260"><subfield code="a">Berlin</subfield><subfield code="b">Springer-Verlag</subfield><subfield code="c">1975</subfield></datafield><datafield ind1=" " ind2=" " tag="300"><subfield code="a">X + 197 p</subfield></datafield><datafield ind1=" " ind2=" " tag="490"><subfield code="a">Lecture Notes In Mathematics. Edited By A.Dold And B.Eckmann,</subfield></datafield><datafield ind1=" " ind2=" " tag="852"><subfield code="a">45401</subfield><subfield code="c">515/516</subfield></datafield><datafield ind1=" " ind2=" " tag="CAT"><subfield code="a">SYS</subfield><subfield code="c">20170302</subfield><subfield code="h">171706</subfield></datafield></record></collection>